@thesis{application-thesis,
    author = {Dewangga Okta Wahyudianto and Fajar Baskoro and Rizky Januar Akbar},
    title = {Rancang Bangun Aplikasi Push Notification Terpusat},
    school = {Institut Teknologi Sepuluh Nopember},
    year = {2018}
}

@article{prototype-article,
    author = {Emre Isikligil and Semih Samakay and Deniz Kilinç},
    title = {A Prototype Framework for High Performance Push Notifications},
    journal = {International Journal of Computer Applications},
    volume = {166},
    year = {2017}
}

@online{fcm-online,
    author = {{Google}},
    title = {Firebase Cloud Messaging - Introduction},
    url = {https://firebase.google.com/docs/cloud-messaging},
    year = {2018},
    addendum = {(diakses 26 Desember 2018)}
}

@online{apns-online,
    author = {{Apple Inc.}},
    title = {User Notifications},
    url = {https://developer.apple.com/documentation/usernotifications},
    year = {2019},
    addendum = {(diakses 9 Juli 2019)}
}

@online{java-online,
    author = {{Oracle America Inc.}},
    title = {The Java Language Specification - Java SE 11 Edition},
    url = {https://docs.oracle.com/javase/specs/jls/se11/jls11.pdf},
    year = {2018},
    addendum = {(diakses 26 Desember 2018)}
}

@online{sql-server-online,
	author = {{Microsoft}},
	title = {SQL Server Documentation},
	url = {https://docs.microsoft.com/en-us/sql/sql-server/sql-server-technical-documentation?view=sql-server-2017},
	year = {2018},
	addendum = {(diakses 18 Juli 2019)}
}

@online{message-queue-online,
    author = {{Amazon Web Services Inc.}},
    title = {What is a Message Queue},
    url = {https://aws.amazon.com/message-queue},
    year = {2018},
    addendum = {(diakses 26 Desember 2018)}
}

@online{kafka-online,
    author = {{Cloudera Inc.}},
    title = {Apache Kafka Guide},
    url = {https://www.cloudera.com/documentation/enterprise/6/6.1/PDF/cloudera-kafka.pdf},
    year = {2019},
    addendum = {(diakses 18 Juli 2019)}
}

@online{spring-online,
    author = {{Spring}},
    title = {Spring Framework Reference Documentation},
    url = {https://docs.spring.io/spring/docs/4.3.x/spring-framework-reference/pdf/spring-framework-reference.pdf},
    year = {2016},
    addendum = {(diakses 26 Desember 2018)}
}

@online{actuator-online,
	author = {{Spring}},
	title = {Spring Boot - Actuator},
	url = {https://github.com/spring-projects/spring-boot/tree/v2.1.6.RELEASE/spring-boot-project/spring-boot-actuator},
	year = {2018},
	addendum = {(diakses 9 Juli 2019)}
}

@online{docker-online,
	author = {{Docker Inc.}},
	title = {Docker Overview},
	url = {https://docs.docker.com/engine/docker-overview/},
	year = {2019},
	addendum = {(diakses 9 Juli 2019)}
}

@online{docker-compose-online,
	author = {{Docker Inc.}},
	title = {Overview of Docker Compose},
	url = {https://docs.docker.com/compose/overview/},
	year = {2019},
	addendum = {(diakses 9 Juli 2019)}
}

@online{yaml-online,
	author = {Oren Ben-Kiki and Clark Evans and Ingy döt Net},
	title = {YAML Ain't Markup Language Version 1.2},
	url = {https://yaml.org/spec/1.2/spec.pdf},
	year = {2019},
	addendum = {(diakses 9 Juli 2019)}
}

@online{json-online,
	author = {{Ecma International}},
	title = {The JSON Data Interchange Syntax},
	url = {http://www.ecma-international.org/publications/files/ECMA-ST/ECMA-404.pdf},
	year = {2017},
	addendum = {(diakses 9 Juli 2019)}
}

@online{linkedlist-online,
	author = {{Oracle}},
	title = {Linked List (Java Platform SE 8)},
	url = {https://docs.oracle.com/javase/8/docs/api/java/util/LinkedList.html},
	year = {2015},
	addendum = {(diakses 21 Juni 2019)}
}